<record><leader>00000cas a2200000   4500</leader><controlfield tag="001">2251947</controlfield><controlfield tag="008">760620d19uu199udcumn ne      0   a0eng c</controlfield><datafield ind1=" " ind2=" " tag="010"><subfield code="a">sn 83002382 </subfield></datafield><datafield ind1=" " ind2=" " tag="040"><subfield code="a">MUL</subfield><subfield code="b">eng</subfield><subfield code="c">MUL</subfield><subfield code="d">PIT</subfield><subfield code="d">NSD</subfield><subfield code="d">NVK</subfield><subfield code="d">OCL</subfield><subfield code="d">OCLCQ</subfield><subfield code="d">OCLCF</subfield><subfield code="d">OCLCO</subfield></datafield><datafield ind1=" " ind2=" " tag="012"><subfield code="k">1</subfield><subfield code="l">1</subfield><subfield code="m">d</subfield></datafield><datafield ind1="0" ind2=" " tag="022"><subfield code="a">0559-4677</subfield><subfield code="l">0559-4677</subfield><subfield code="2">1</subfield></datafield><datafield ind1="1" ind2=" " tag="029"><subfield code="a">AU@</subfield><subfield code="b">000020418390</subfield></datafield><datafield ind1=" " ind2=" " tag="037"><subfield code="b">National Council of Senior Citizens, 1331 F St., NW, Washington, DC 20004-1171</subfield></datafield><datafield ind1=" " ind2=" " tag="042"><subfield code="a">nsdp</subfield><subfield code="a">pcc</subfield></datafield><datafield ind1=" " ind2=" " tag="043"><subfield code="a">n-us-dc</subfield></datafield><datafield ind1="1" ind2="0" tag="082"><subfield code="a">362</subfield><subfield code="2">12</subfield></datafield><datafield ind1=" " ind2=" " tag="090"><subfield code="a">HV1465</subfield><subfield code="b">.S4</subfield></datafield><datafield ind1="0" ind2=" " tag="210"><subfield code="a">Sr. citiz. news</subfield><subfield code="b">(Washington, D.C.)</subfield></datafield><datafield ind1=" " ind2="0" tag="222"><subfield code="a">Senior citizens news</subfield><subfield code="b">(Washington, D.C.)</subfield></datafield><datafield ind1="0" ind2="0" tag="245"><subfield code="a">Senior citizens news.</subfield></datafield><datafield ind1=" " ind2=" " tag="260"><subfield code="a">Washington, D.C.,</subfield><subfield code="b">National Council of Senior Citizens.</subfield></datafield><datafield ind1=" " ind2=" " tag="310"><subfield code="a">Eleven no. a year,</subfield><subfield code="b">&lt;Sept. 1992-&gt;</subfield></datafield><datafield ind1=" " ind2=" " tag="321"><subfield code="a">Monthly,</subfield><subfield code="b">19 -19</subfield></datafield><datafield ind1=" " ind2=" " tag="550"><subfield code="a">Official newspaper of the National Council of Senior Citizens.</subfield></datafield><datafield ind1=" " ind2="0" tag="650"><subfield code="a">Older people</subfield><subfield code="v">Newspapers.</subfield></datafield><datafield ind1=" " ind2="0" tag="651"><subfield code="a">Washington (D.C.)</subfield><subfield code="v">Newspapers.</subfield></datafield><datafield ind1=" " ind2="7" tag="655"><subfield code="a">Newspapers.</subfield><subfield code="2">fast</subfield><subfield code="0">(OCoLC)fst01423814</subfield></datafield><datafield ind1=" " ind2="7" tag="650"><subfield code="a">Older people.</subfield><subfield code="2">fast</subfield><subfield code="0">(OCoLC)fst01199093</subfield></datafield><datafield ind1=" " ind2="7" tag="651"><subfield code="a">Washington (D.C.)</subfield><subfield code="2">fast</subfield><subfield code="0">(OCoLC)fst01204505</subfield></datafield><datafield ind1="2" ind2=" " tag="710"><subfield code="a">National Council of Senior Citizens.</subfield></datafield><datafield ind1=" " ind2=" " tag="752"><subfield code="a">United States</subfield><subfield code="b">District of Columbia</subfield><subfield code="d">Washington.</subfield></datafield><datafield ind1="0" ind2="0" tag="785"><subfield code="t">Seniority (Washington, D.C.)</subfield><subfield code="x">1091-8248</subfield><subfield code="w">(DLC)sn 96007115</subfield></datafield><datafield ind1=" " ind2=" " tag="936"><subfield code="a">Nov./Dec. 1992</subfield></datafield></record>